
@article{arrieta2014sistemas,
  title={Sistemas cristalinos bidimensionales},
  author={Arrieta, DI and Huam{\'a}n, YE and Guti{\'e}rrez, MC and Montalvo, RA and Rivera, PH},
  journal={Revista de investigaci{\'o}n de f{\'\i}sica},
  volume={17},
  number={01},
  pages={1--12},
  year={2014}
}

@article{miro2014atlas,
  title={An atlas of two-dimensional materials},
  author={Mir{\'o}, Pere and Audiffred, Martha and Heine, Thomas},
  journal={Chemical Society Reviews},
  volume={43},
  number={18},
  pages={6537--6554},
  year={2014},
  publisher={Royal Society of Chemistry}
}

@online{WinNT,
  author = {Diego Morachis Galindo},
  title = {Simulación de la Adsorción de Aldehídos Sobre Siliceno Hidrogenado},
  year = 2016,
  url = {http://cicese.repositorioinstitucional.mx/jspui/handle/1007/1343},
  urldate = {2021-03-30}
}

@article{trivedi2014silicene,
  title={Silicene and germanene: a first principle study of electronic structure and effect of hydrogenation-passivation},
  author={Trivedi, Shyam and Srivastava, Anurag and Kurchania, Rajnish},
  journal={Journal of Computational and Theoretical Nanoscience},
  volume={11},
  number={3},
  pages={781--788},
  year={2014},
  publisher={American Scientific Publishers}
}